
@article{Adriani:2008zr,
      author         = "Adriani, Oscar and others",
      title          = "{An anomalous positron abundance in cosmic rays with
                        energies 1.5-100 GeV}",
      collaboration  = "PAMELA Collaboration",
      journal        = "Nature",
      volume         = "458",
      pages          = "607-609",
      doi            = "10.1038/nature07942",
      year           = "2009",
      eprint         = "0810.4995",
      archivePrefix  = "arXiv",
      primaryClass   = "astro-ph",
      SLACcitation   = "%%CITATION = ARXIV:0810.4995;%%",
}


@article{FermiLAT:2011ab,
      author         = "Ackermann, M. and others",
      title          = "{Measurement of separate cosmic-ray electron and positron
                        spectra with the Fermi Large Area Telescope}",
      collaboration  = "Fermi LAT Collaboration",
      journal        = "Phys.Rev.Lett.",
      volume         = "108",
      pages          = "011103",
      doi            = "10.1103/PhysRevLett.108.011103",
      year           = "2012",
      eprint         = "1109.0521",
      archivePrefix  = "arXiv",
      primaryClass   = "astro-ph.HE",
      SLACcitation   = "%%CITATION = ARXIV:1109.0521;%%",
}

@article{Aguilar:2013qda,
      author         = "Aguilar, M. and others",
      title          = "{First Result from the Alpha Magnetic Spectrometer on the
                        International Space Station: Precision Measurement of the
                        Positron Fraction in Primary Cosmic Rays of 0.5Ð350
                        GeV}",
      collaboration  = "AMS Collaboration",
      journal        = "Phys.Rev.Lett.",
      volume         = "110",
      pages          = "141102",
      doi            = "10.1103/PhysRevLett.110.141102",
      year           = "2013",
      SLACcitation   = "%%CITATION = PRLTA,110,141102;%%",
}

@article{Pospelov:2008jd,
      author         = "Pospelov, Maxim and Ritz, Adam",
      title          = "{Astrophysical Signatures of Secluded Dark Matter}",
      journal        = "Phys.Lett.",
      volume         = "B671",
      pages          = "391-397",
      doi            = "10.1016/j.physletb.2008.12.012",
      year           = "2009",
      eprint         = "0810.1502",
      archivePrefix  = "arXiv",
      primaryClass   = "hep-ph",
      SLACcitation   = "%%CITATION = ARXIV:0810.1502;%%",
}

@article{Holdom:1985ag,
      author         = "Holdom, Bob",
      title          = "{Two U(1)'s and Epsilon Charge Shifts}",
      journal        = "Phys.Lett.",
      volume         = "B166",
      pages          = "196",
      doi            = "10.1016/0370-2693(86)91377-8",
      year           = "1986",
      reportNumber   = "UTPT-85-30",
      SLACcitation   = "%%CITATION = PHLTA,B166,196;%%",
}

@article{Galison:1983pa,
      author         = "Galison, Peter and Manohar, Aneesh",
      title          = "{TWO Z's OR NOT TWO Z's?}",
      journal        = "Phys.Lett.",
      volume         = "B136",
      pages          = "279",
      doi            = "10.1016/0370-2693(84)91161-4",
      year           = "1984",
      reportNumber   = "HUTP-83/A059",
      SLACcitation   = "%%CITATION = PHLTA,B136,279;%%",
}


@article{ArkaniHamed:2008qn,
      author         = "Arkani-Hamed, Nima and Finkbeiner, Douglas P. and
                        Slatyer, Tracy R. and Weiner, Neal",
      title          = "{A Theory of Dark Matter}",
      journal        = "Phys.Rev.",
      volume         = "D79",
      pages          = "015014",
      doi            = "10.1103/PhysRevD.79.015014",
      year           = "2009",
      eprint         = "0810.0713",
      archivePrefix  = "arXiv",
      primaryClass   = "hep-ph",
      SLACcitation   = "%%CITATION = ARXIV:0810.0713;%%",
}

@article{TuckerSmith:2001hy,
      author         = "Tucker-Smith, David and Weiner, Neal",
      title          = "{Inelastic dark matter}",
      journal        = "Phys.Rev.",
      volume         = "D64",
      pages          = "043502",
      doi            = "10.1103/PhysRevD.64.043502",
      year           = "2001",
      eprint         = "hep-ph/0101138",
      archivePrefix  = "arXiv",
      primaryClass   = "hep-ph",
      reportNumber   = "UCB-PTH-00-43, LBNL-47234, UW-PT-00-17",
      SLACcitation   = "%%CITATION = HEP-PH/0101138;%%",
}



@article{Adriani:2010rc,
      author         = "Adriani, O. and others",
      title          = "{PAMELA results on the cosmic-ray antiproton flux from 60
                        MeV to 180 GeV in kinetic energy}",
      collaboration  = "PAMELA Collaboration",
      journal        = "Phys.Rev.Lett.",
      volume         = "105",
      pages          = "121101",
      doi            = "10.1103/PhysRevLett.105.121101",
      year           = "2010",
      eprint         = "1007.0821",
      archivePrefix  = "arXiv",
      primaryClass   = "astro-ph.HE",
      SLACcitation   = "%%CITATION = ARXIV:1007.0821;%%",
}

@article{Bjorken:2009mm,
      author         = "Bjorken, James D. and Essig, Rouven and Schuster, Philip
                        and Toro, Natalia",
      title          = "{New Fixed-Target Experiments to Search for Dark Gauge
                        Forces}",
      journal        = "Phys.Rev.",
      volume         = "D80",
      pages          = "075018",
      doi            = "10.1103/PhysRevD.80.075018",
      year           = "2009",
      eprint         = "0906.0580",
      archivePrefix  = "arXiv",
      primaryClass   = "hep-ph",
      reportNumber   = "SLAC-PUB-13650, SU-ITP-09-22",
      SLACcitation   = "%%CITATION = ARXIV:0906.0580;%%",
}

@misc{HPS_proposal_2010,
      author         = "Grillo, A. and others",
      collaboration = "HPS Collaboration",
      title          = "{Heavy Photon Search Proposal}",
      journal        = "",
      volume         = "",
      pages          = "",
      doi            = "",
      year           = "2010",
      eprint         = "",
      archivePrefix  = "",
      primaryClass   = "hep-ph",
      reportNumber   = "",
      SLACcitation   = "",
      url = "https://confluence.slac.stanford.edu/download/attachments/86676777/HPSProposal-FINAL_Rev2.pdf",
}

%HPS Proposal citation
%\bibitem{}
%A. Grillo {\it et al.}, ``HPS Heavy Photon Search", Dec. 1, 2010,
%https://confluence.slac.stanford.edu/download/attachments/86676777/HPSProposal-FINAL\_Rev2.pdf
 
 @misc{HPS_tPROP,
      author         = "Grillo, A. and others",
      collaboration = "HPS Collaboration",
      title          = "{HPS Test Run Proposal to DOE}",
      journal        = "",
      volume         = "",
      pages          = "",
      doi            = "",
      year           = "2011",
      eprint         = "",
      archivePrefix  = "",
      primaryClass   = "hep-ph",
      reportNumber   = "",
      SLACcitation   = "",
}

 %\bibitem{HPS_tPROP} A. Grillo {\it et al.} [HPS Collaboration], HPS Test Run Proposal to DOE, 
%https://confluence.slac.stanford.edu/display/hpsg/Project+Overview

@misc{HPS_PROP_UPD,
      author         = "P. Hansson {\it et al.}",
      collaboration = "HPS Collaboration",
      title          = "{HPS Update PAC 39}",
      journal        = "",
      volume         = "",
      pages          = "",
      doi            = "",
      year           = "2012",
      eprint         = "",
      archivePrefix  = "",
      primaryClass   = "hep-ph",
      reportNumber   = "",
      SLACcitation   = "",
}


%\bibitem{HPS_PROP_UPD} P. Hansson {\it et al.} [HPS Collaboration], HPS Update PAC 39, 
%https://confluence.slac.stanford.edu/display/hpsg/Project+Overview

 
 @article{Rashevskaya:2002nd,
      author         = "Rashevskaya, I. and Bettarini, S. and Rizzo, G. and
                        Bosisio, L. and Dittongo, S. and others",
      title          = "{Radiation damage of silicon structures with electrons of
                        900-MeV}",
      journal        = "Nucl. Instrum. Meth.",
      volume         = "A485",
      pages          = "126-132",
      doi            = "10.1016/S0168-9002(02)00543-0",
      year           = "2002",
      SLACcitation   = "%%CITATION = NUIMA,A485,126;%%",
}


@article{Denisov:2001aa,
      author         = "Denisov, Dmitri S. and Soldner-Rembold, Stefan",
      title          = "{D0 Run IIB Silicon Detector Upgrade: Technical Design
                        Report}",
      year           = "2001",
      reportNumber   = "FERMILAB-PROPOSAL-0925, FERMILAB-DESIGN-2001-02",
      SLACcitation   = "%%CITATION = FERMILAB-PROPOSAL-0925 ETC.;%%",
}

@article{French:2001xb,
      author         = "French, M.J. and Jones, L.L. and Morrissey, Q. and
                        Neviani, A. and Turchetta, R. and others",
      title          = "{Design and results from the APV25, a deep sub-micron
                        CMOS front-end chip for the CMS tracker}",
      journal        = "Nucl.Instrum.Meth.",
      volume         = "A466",
      pages          = "359-365",
      doi            = "10.1016/S0168-9002(01)00589-7",
      year           = "2001",
      SLACcitation   = "%%CITATION = NUIMA,A466,359;%%",
}


@article{Friedl:2009zz,
      author         = "Friedl, M. and Irmler, C. and Pernicka, M.",
      title          = "{Readout of silicon strip detectors with position and
                        timing information}",
      journal        = "Nucl.Instrum.Meth.",
      volume         = "A598",
      pages          = "82-83",
      doi            = "10.1016/j.nima.2008.08.013",
      year           = "2009",
      SLACcitation   = "%%CITATION = NUIMA,A598,82;%%",
}
 
@article{Graf:2011zzc,
      author         = "Graf, Norman A.",
      title          = "{org.lcsim: Event reconstruction in Java}",
      journal        = "J.Phys.Conf.Ser.",
      volume         = "331",
      pages          = "032012",
      doi            = "10.1088/1742-6596/331/3/032012",
      year           = "2011",
      reportNumber   = "SLAC-REPRINT-2012-042",
      SLACcitation   = "%%CITATION = 00462,331,032012;%%",
}
    
@article{Larsen:2011zb,
      author         = "Larsen, R.S.",
      title          = "{Emerging New Electronics Standards for Physics}",
      journal        = "Conf.Proc.",
      volume         = "C110904",
      pages          = "1981-1985",
      year           = "2011",
      reportNumber   = "IPAC-2011-WEIB03",
      SLACcitation   = "%%CITATION = CONFP,C110904,1981;%%",
}


@article{clas_ecal2,
      author         = "Niyazov, R. and Stepanyan, S.", 
      collaboration = "CLAS",
      title          = "CLAS/DVCS Inner Calorimeter Calibration",
      journal        = "CLAS-Note ",
      volume         = "2005-021",
      pages          = "",
      doi            = "",
      year           = "2005",
      eprint         = "",
      archivePrefix  = "",
      primaryClass   = "hep-ph",
      reportNumber   = "",
      SLACcitation   = "",
      url = "https://misportal.jlab.org/ul/Physics/Hall-B/clas/",
}

@article{clas_ecal,
      author         = "Girod, F.-X. and Garon, M.", 
      collaboration = "CLAS",
      title          = "Inner Calorimeter in CLAS/DVCS experiment",
      journal        = "CLAS-Note ",
      volume         = "2005-001",
      pages          = "",
      doi            = "",
      year           = "2005",
      eprint         = "",
      archivePrefix  = "",
      primaryClass   = "hep-ph",
      reportNumber   = "",
      SLACcitation   = "",
      url = "https://misportal.jlab.org/ul/Physics/Hall-B/clas/",
}


@misc{clas_thesis,
      author         = "Girod, F.-X. ", 
      collaboration = "Universite de Strasbourg",
      title          = "",
      journal        = "PhD Thesis",
      volume         = "",
      pages          = "",
      doi            = "",
      year           = "2006",
      eprint         = "",
      archivePrefix  = "",
      primaryClass   = "hep-ph",
      reportNumber   = "",
      SLACcitation   = "",
      url = "http://www.jlab.org/Hall-B/general/thesis/fxgirod.pdf",
}




@misc{shipping,
      author         = "J. Howell and B. Cooper",
      collaboration = "",
      title          = "{IHEP Telescope Shipping Container}",
      journal        = "",
      volume         = "",
      pages          = "",
      doi            = "",
      year           = "2010",
      eprint         = "",
      archivePrefix  = "",
      primaryClass   = "hep-ph",
      reportNumber   = "",
      SLACcitation   = "",
}

@misc{Jones:1069892,
      author         = "L. Jones",
      collaboration = "",
      title          = "{APV25-S1: User guide version 2.2, RAL Microelectronics Design Group}",
      journal        = "",
      volume         = "",
      pages          = "",
      doi            = "",
      year           = "2011",
      eprint         = "",
      archivePrefix  = "",
      primaryClass   = "hep-ph",
      reportNumber   = "",
      SLACcitation   = "",
}

@misc{egs5,
      author         = "H. Hirayama and Y. Namito and A.F. Bielajew and S.J. Wilderman and W.R. Nelson",
      collaboration = "",
      title          = "{The EGS5 Code System}",
      journal        = "",
      volume         = "",
      pages          = "",
      doi            = "",
      year           = "2005",
      eprint         = "",
      archivePrefix  = "",
      primaryClass   = "hep-ph",
      reportNumber   = "SLAC-R-730,KEK Report 2005-8",
      SLACcitation   = "",
}

@misc{HDice,
	author 	= "A.M. Sandorfi and others",
	titles = "The g14-HDice experiment",
	year = "2012",
	url = "http://www.jlab.org/exp_prog/proposals/06/PR06-101.pdf",
}


@article{Agostinelli2003250,
title = "{\sc Geant4} - a simulation toolkit ",
journal = "Nucl.Instrum.Meth. ",
volume = "A506",
number = "3",
pages = "250 - 303",
year = "2003",
note = "",
issn = "0168-9002",
doi = "http://dx.doi.org/10.1016/S0168-9002(03)01368-8",
url = "http://www.sciencedirect.com/science/article/pii/S0168900203013688",
author = "S. Agostinelli  {\it et al.}",
keywords = "Simulation",
keywords = "Particle interactions",
keywords = "Geometrical modelling",
keywords = "Software engineering",
keywords = "Object-oriented technology",
keywords = "Distributed software development "
}

@article{Attwood:2005zz,
      author         = "Attwood, D. and Bell, P. and Bull, S. and McMahon, T. and
                        Wilson, J. and others",
      title          = "{The scattering of muons in low Z materials}",
      journal        = "Nucl.Instrum.Meth.",
      volume         = "B251",
      pages          = "41-55",
      doi            = "10.1016/j.nimb.2006.05.006",
      year           = "2006",
      eprint         = "hep-ex/0512005",
      archivePrefix  = "arXiv",
      primaryClass   = "hep-ex",
      SLACcitation   = "%%CITATION = HEP-EX/0512005;%%",
}

@article{Shen:1978ha,
      author         = "Shen, G. and Ankenbrandt, C. and Atac, M. and Brown,
                        Robert M. and Ecklund, S. and others",
      title          = "{Measurement of Multiple Scattering at 50-GeV/c to
                        200-GeV/c}",
      journal        = "Phys.Rev.",
      volume         = "D20",
      pages          = "1584",
      doi            = "10.1103/PhysRevD.20.1584",
      year           = "1979",
      reportNumber   = "FERMILAB-PUB-78-072-EXP, FERMILAB-PUB-78-072-E",
      SLACcitation   = "%%CITATION = PHRVA,D20,1584;%%",
}

@article{Gottschalk1993467,
title = "Multiple Coulomb scattering of 160 MeV protons ",
journal        = "Nucl. Instrum. Meth.",
volume = "B74",
number = "4",
pages = "467 - 490",
year = "1993",
note = "",
issn = "0168-583X",
doi = "http://dx.doi.org/10.1016/0168-583X(93)95944-Z",
url = "http://www.sciencedirect.com/science/article/pii/0168583X9395944Z",
author = "B. Gottschalk and A.M. Koehler and R.J. Schneider and J.M. Sisterson and M.S. Wagner"
}

@article{Moliere:1948zz,
      author         = "Moliere, G.",
      title          = "{Theory of the scattering of fast charged particles. 2.
                        Repeated and multiple scattering}",
      journal        = "Z.Naturforsch.",
      volume         = "A3",
      pages          = "78-97",
      year           = "1948",
      SLACcitation   = "%%CITATION = ZNTFA,A3,78;%%",
}

@article{Bethe:1953va,
      author         = "Bethe, H.A.",
      title          = "{Moliere's theory of multiple scattering}",
      journal        = "Phys.Rev.",
      volume         = "89",
      pages          = "1256-1266",
      doi            = "10.1103/PhysRev.89.1256",
      year           = "1953",
      SLACcitation   = "%%CITATION = PHRVA,89,1256;%%",
}

@article{Goudsmit:1940zza,
      author         = "Goudsmit, S. and Saunderson, J.L.",
      title          = "{Multiple Scattering of Electrons}",
      journal        = "Phys.Rev.",
      volume         = "57",
      pages          = "24-29",
      doi            = "10.1103/PhysRev.57.24",
      year           = "1940",
      SLACcitation   = "%%CITATION = PHRVA,57,24;%%",
}

@article{Goudsmit:1940zz,
      author         = "Goudsmit, S. and Saunderson, J.L.",
      title          = "{Multiple Scattering of Electrons. II}",
      journal        = "Phys.Rev.",
      volume         = "58",
      pages          = "36-42",
      doi            = "10.1103/PhysRev.58.36",
      year           = "1940",
      SLACcitation   = "%%CITATION = PHRVA,58,36;%%",
}



@misc{fadc,
      author         = "H. Dong and others",
      collaboration = "",
      title          = "{Integrated tests of a high speed VXS switch card and 250 MSPS flash ADCs}",
      journal        = "Nuclear Science Symposium Conference 2007",
      volume         = "10.1109/NSSMIC.2007.4436457",
      pages          = "831-833",
      doi            = "10.1109/NSSMIC.2007.4436457",
      year           = "2007",
      eprint         = "",
      archivePrefix  = "",
      primaryClass   = "hep-ph",
      reportNumber   = "8",
      SLACcitation   = "",
}

@article{Pospelov:2008zw,
      author         = "Pospelov, Maxim",
      title          = "{Secluded U(1) below the weak scale}",
      journal        = "Phys.Rev.",
      volume         = "D80",
      pages          = "095002",
      doi            = "10.1103/PhysRevD.80.095002",
      year           = "2009",
      eprint         = "0811.1030",
      archivePrefix  = "arXiv",
      primaryClass   = "hep-ph",
      SLACcitation   = "%%CITATION = ARXIV:0811.1030;%%",
}

@misc{Essig:2013lkad,
      author         = "Essig, Rouven and Jaros, John A. and Wester, William and
                        Adrian, P. Hansson and Andreas, S. and others",
      title          = "{Dark Sectors and New, Light, Weakly-Coupled Particles}",
      journal = "{Report of the Community Summer Study 2013 (Snowmass) Intensity Frontier New, Light, Weakly-Coupled Particles subgroup}",
      year           = "2013",
      eprint         = "1311.0029",
      archivePrefix  = "arXiv",
      primaryClass   = "hep-ph",
      reportNumber   = "YITP-SB-36",
      SLACcitation   = "%%CITATION = ARXIV:1311.0029;%%",
}
@misc{Essig:2013lka,
      author         = "Essig, Rouven and Jaros, John A. and Wester, William and
                        Adrian, P. Hansson and Andreas, S. and others",
      collaboration = "{Report of the Community Summer Study 2013 (Snowmass) Intensity Frontier New, Light, Weakly-Coupled Particles subgroup}",
      title          = "{Dark Sectors and New, Light, Weakly-Coupled Particles}",
      journal        = "",
      volume         = "",
      pages          = "",
      doi            = "",
      year           = "2013",
      eprint         = "",
      archivePrefix  = "",
      primaryClass   = "hep-ph",
      reportNumber   = "",
      SLACcitation   = "",
      url = "http://arxiv.org/abs/arXiv:1311.0029"
}


@article{Friedl2007385,
title = "Obtaining exact time information of hits in silicon strip sensors read out by the {APV25} front-end chip ",
journal        = "Nucl. Instrum. Meth.",
volume = "A572",
number = "1",
pages = "385 - 387",
year = "2007",
note = "",
issn = "0168-9002",
doi = "http://dx.doi.org/10.1016/j.nima.2006.10.203",
url = "http://www.sciencedirect.com/science/article/pii/S0168900206021218",
author = "M. Friedl and C. Irmler and M. Pernicka",
keywords = "\{APV25\}",
keywords = "Silicon detector",
keywords = "Time measurement",
keywords = "Electronics "
}

